

@INPROCEEDINGS{Hydrus:Grasping:2017ICRA,
author={M. Zhao and et. al},
booktitle={2017 IEEE International Conference on Robotics and Automation},
title={Whole-body aerial manipulation by transformable multirotor with two-dimensional multilinks},
year={2017},
volume={},
number={},
pages={5175-5182},
keywords={autonomous aerial vehicles;grippers;motion control;optimisation;path planning;aerial transformation;force-closure;grasp motion strategy;gripper;internal force optimization;joint torque optimization;motion control;optimized grasping;planar enveloping algorithm;planning method;transformable aerial robot;transformable multirotor;two-dimensional multilinks;whole-body aerial manipulation;whole-body grasp planning;Grasping;Grippers;Manipulators;Mathematical model;Planning;Propellers;Unmanned aerial vehicles},
doi={10.1109/ICRA.2017.7989606},
ISSN={},
month={May},}


@article{Hydrus:Original:2016AR,
author = {Moju Zhao and Koji Kawasaki and Kei Okada and Masayuki Inaba},
title = {Transformable multirotor with two-dimensional multilinks: modeling, control, and motion planning for aerial transformation},
journal = {Advanced Robotics},
volume = {30},
number = {13},
pages = {825-845},
year  = {2016},
publisher = {Taylor & Francis},
doi = {10.1080/01691864.2016.1181006},
}
